<record xmlns="http://www.loc.gov/MARC21/slim" xmlns:xsi="http://www.w3.org/2001/XMLSchema-instance" xsi:schemaLocation="http://www.loc.gov/MARC21/slim http://www.loc.gov/standards/marcxml/schema/MARC21slim.xsd">

  <leader>00564nam a2200157Ia 4500</leader>
  <datafield ind1=" " tag="090" ind2=" ">
    <subfield code="a">CD #28</subfield>
  </datafield>
  <datafield tag="100" ind2=" " ind1=" ">
    <subfield code="a">Centro de Estudios y Publicaciones Alforja, CEP</subfield>
  </datafield>
  <datafield tag="245" ind2=" " ind1=" ">
    <subfield code="a">Materiales de estudio sobre sistematización de experiencias : selección de documentos teóricos y metodológicos / Oscar Jara H., seleccionador (Disco compacto)</subfield>
  </datafield>
  <datafield ind1=" " ind2=" " tag="260">
    <subfield code="a">San José, Costa Rica : </subfield>
    <subfield code="b">CEP, </subfield>
    <subfield code="c">2002</subfield>
  </datafield>
  <datafield tag="300" ind2=" " ind1=" ">
    <subfield code="a">12 cm de diámetro</subfield>
  </datafield>
  <datafield tag="650" ind2=" " ind1=" ">
    <subfield code="a">SISTEMATIZACION DE EXPERIENCIAS</subfield>
  </datafield>
  <datafield ind2=" " tag="650" ind1=" ">
    <subfield code="a">TECNICAS</subfield>
  </datafield>
  <datafield tag="650" ind2=" " ind1=" ">
    <subfield code="a">METODOLOGIA</subfield>
  </datafield>
  <datafield ind1=" " ind2=" " tag="700">
    <subfield code="a">Jara H., Oscar</subfield>
  </datafield>
  <datafield ind1=" " ind2=" " tag="942">
    <subfield code="p">001959 </subfield>
  </datafield>
  <datafield ind2=" " tag="999" ind1=" ">
    <subfield code="c">2495</subfield>
    <subfield code="d">2495</subfield>
  </datafield>
</record>